@inproceedings{paper1,
    author = {Ye, Shaozhi},
    title = {Understanding Current IPv6 Performance: A Measurement Study},
    booktitle = {Proceedings of the 10th IEEE Symposium on Computers and Communications},
    series = {ISCC '05},
    year = {2005},
    isbn = {0-7695-2373-0},
    pages = {71--76},
    numpages = {6},
    url = {http://dx.doi.org/10.1109/ISCC.2005.151},
    doi = {10.1109/ISCC.2005.151},
    acmid = {1079540},
    publisher = {IEEE Computer Society},
    address = {Washington, DC, USA},
}

@inproceedings{paper2,
    title = {Evaluating IPv6 adoption in the Internet},
    author  = {Lorenzo Colitti and Steinar H. Gunderson and Erik Kline and Tiziana Refice},
    year  = 2010,
    URL = {http://www.pam2010.ethz.ch/papers/full-length/15.pdf},
    booktitle = {PAM 2010}
}

@inproceedings{paper3,
    added-at = {2012-06-15T00:00:00.000+0200},
    author = {Nikkhah, Mehdi and Guérin, Roch and Lee, Yiu and Woundy, Richard},
    biburl = {http://www.bibsonomy.org/bibtex/2b3dd7d1df8d6ec2ddc3043dd80abe423/dblp},
    booktitle = {CoNEXT},
    editor = {Cho, Kenjiro and Crovella, Mark},
    ee = {http://doi.acm.org/10.1145/2079296.2079322},
    interhash = {d15fe7d72c25d305cabd83195edf74d7},
    intrahash = {b3dd7d1df8d6ec2ddc3043dd80abe423},
    isbn = {978-1-4503-1041-3},
    keywords = {dblp},
    pages = 26,
    publisher = {ACM},
    timestamp = {2012-06-15T00:00:00.000+0200},
    title = {Assessing IPv6 through web access a measurement study and its findings.},
    url = {http://dblp.uni-trier.de/db/conf/conext/conext2011.html#NikkhahGLW11},
    year = 2011
}

@INPROCEEDINGS{paper4,
    Author = {Dhamdhere, A. and Luckie, M. and Huffaker, B. and claffy, k. and Elmokashfi, A. and Aben, E.}, 
    Title = {{Measuring the Deployment of IPv6: Topology, Routing and Performance}},
    BookTitle = {Internet Measurement Conference (IMC)},
    Pages = {537-550},
    Month = {Nov},
    Year = {2012},
    Keywords = {topology   routing   passive data analysis   ipv6}
}

@ONLINE{google:ipv6,
    author = {Google, Inc.},
    title = {{Google statistics about IPv6 adoption in the Internet}},
    month = mar,
    year = {2014},
    url = {https://www.google.com/intl/en/ipv6/statistics.html}
}

@ONLINE{rfc:3068,
    author = {Huitema, C.},
    title = {{RFC-3068 An Anycast Prefix for 6to4 Relay Routers}},
    year = {2001},
    publisher = {RFC Editor},
    address = {United States},
    url = {http://www.ietf.org/rfc/rfc3068.txt}
}

@ONLINE{rfc:5569,
    title = {{RFC-5569 IPv6 Rapid Deployment on IPv4 Infrastructures (6rd)}},
    year = {2010},
    publisher = {RFC Editor},
    url = {http://www.ietf.org/rfc/rfc5569.txt}
}

@ONLINE{free:6rd,
    author = {Free},
    title = {{IPv6 @ Free}},
    year = {2007},
    address = {France},
    url = {ripe58.ripe.net/content/presentations/ipv6-free.pdf‎}
}

@ONLINE{ripe:ipv6stats,
    author = {RIPE},
    title = {{IPv6 Networks over Time}},
    year = {2014},
    address = {Europe},
    url = {http://www.ipv6actnow.org/info/statistics/}
}

@ONLINE{he:peering,
    author = {Hurricane Electric},
    title = {{Hurricane Electric Peering Requirements}},
    year = {2014},
    url = {http://www.he.net/peering.html}
}
